@article{sklearn,
 title={Scikit-learn: Machine Learning in {P}ython},
 author={Pedregosa, F. and Varoquaux, G. and Gramfort, A. and Michel, V.
         and Thirion, B. and Grisel, O. and Blondel, M. and Prettenhofer, P.
         and Weiss, R. and Dubourg, V. and Vanderplas, J. and Passos, A. and
         Cournapeau, D. and Brucher, M. and Perrot, M. and Duchesnay, E.},
 journal={Journal of Machine Learning Research},
 volume={12},
 pages={2825--2830},
 year={2011}
}

@book{2017introstatlearn,
series = {Springer texts in statistics},
publisher = {Springer},
isbn = {978-1-4614-7137-0},
year = {2017},
author={James, Gareth},
title = {An Introduction to statistical learning : with applications in R},
edition = {Corrected at 8th printing 2017.},
language = {eng},
address = {New York},
keywords = {Statistikk; Maskinlæring; Matematisk statistikk; Matematisk statistikk; Statistisk dataanalyse; pensum; tma4267},
}

@book{HastieTrevor2009TEoS,
series = {Springer Series in Statistics},
publisher = {Springer New York},
isbn = {9780387848570},
year = {2009},
title = {The Elements of Statistical Learning: Data Mining, Inference, and Prediction},
edition = {Second Edition},
language = {eng},
address = {New York, NY},
author = {Hastie, Trevor and Tibshirani, Robert and Friedman, Jerome},
keywords = {Computer Science ; Artificial Intelligence (Incl. Robotics) ; Data Mining and Knowledge Discovery ; Probability Theory and Stochastic Processes ; Statistical Theory and Methods ; Computational Biology/Bioinformatics ; Computer Appl. in Life Sciences ; Computer Science ; Mathematics},
}

@book{MLMurphy,
series = {Adaptive computation and machine learning},
publisher = {MIT Press},
isbn = {0262018020},
year = {2012},
title = {Machine learning : a probabilistic perspective},
language = {eng},
address = {Cambridge},
author = {Murphy, Kevin P.},
keywords = {Maskinlæring; maskinlæring; statistikk; sannsynlighet; Maskinlæring},
}

@book{Nielsen15,
publisher = {Determination Press},
year = {2015},
title = {Neural Networks and Deep Learning},
language = {eng},
author = {Nielsen, Michael A.},
}


@misc{MHJ_NN,
author = {Morten Hjorth-Jensen},
title = {Lectures Notes in FYS-STK4155. Data Analysis and Machine Learning: Neural networks, from the simple perceptron to deep learning},
month = {Oct 4},
year = {2019},
publisher={Unpublished},
}